@inproceedings{jacob2018quantization,
  title={Quantization and training of neural networks for efficient integer-arithmetic-only inference},
  author={Jacob, Benoit and Kligys, Skirmantas and Chen, Bo and Zhu, Menglong and Tang, Matthew and Howard, Andrew and Adam, Hartwig and Kalenichenko, Dmitry},
  booktitle={Proceedings of the IEEE Conference on Computer Vision and Pattern Recognition},
  pages={2704--2713},
  year={2018}
}
@article{jain2020efficient,
  title={Efficient execution of quantized deep learning models: A compiler approach},
  author={Jain, Animesh and Bhattacharya, Shoubhik and Masuda, Masahiro and Sharma, Vin and Wang, Yida},
  journal={arXiv preprint arXiv:2006.10226},
  year={2020}
}
